% Bibliography of the SNIK project
% See https://www.snik.eu

@book{bb,
  title={Health Information Systems: {A}rchitectures and Strategies},
  author={Winter, Alfred and Haux, Reinhold and Ammenwerth, Elske and Brigel, Birgit and Hellrung, Nils and Jahn, Franziska},
  isbn={9781849964418},
  lccn={2010933608},
  series={Health Informatics},
  url={https://books.google.de/books?id=RzvmrgwCWncC},
  year={2011},
  publisher={Springer London}
}

@book{bb2,
  title={Health Information Systems: Technological and Management Perspectives},
  author={Winter, Alfred and Ammenwerth, Elske and Haux, Reinhold and Marschollek, Michael and Steiner, Bianca and Jahn, Franziska},
  year={2023},
  doi={10.1007/978-3-031-12310-8},
  publisher={Springer Cham}
}

@book{ob,
  author={Ammenwerth, Elske and Haux, Reinhold and Knaup-Gregori, Petra and Winter, Alfred},
  title={{IT}-{P}rojektmanagement im {G}esundheitswesen},
  edition={2},
  publisher={Schattauer},
  address={Stuttgart, Germany},
  year={2014},
  isbn={9783794530717}
}

@article{domaene,
  title={Entwicklung und {E}insatz einer {D}om{\"a}nenontologie des {I}nformationsmanagements im {K}rankenhaus},
  author={Schaaf, Michael and Jahn, Franziska and Tahar, Kais and Kucherer, Christian and Winter, Alfred and Paech, Barbara},
  journal={Informatik 2015},
  editor={Douglas W. Cunningham and Petra Hofstedt and Klaus Meer and Ingo Schmitt},
  series={Lecture Notes in Informatics},
  volume={246},
  year={2015},
  publisher={Gesellschaft f{\"u}r Informatik eV}
}

@book{he,
  title={Informationsmanagement: Grundlagen, Aufgaben, Methoden},
  author={Heinrich, Lutz J and Riedl, Ren{\'e} and Stelzer, Dirk},
  year={2014},
  publisher={De Gruyter}
}

@article{ciosurvey,
  title={The status quo of information management in hospitals-results of an online survey},
  author={K{\"u}cherer, Christian and Liebe, Jan David and Schaaf, Michael and Thye, Johannes and Paech, Barbara and Winter, Alfred and Jahn, Franziska},
  journal={Informatik 2016},
  series={Lecture Notes in Informatics},
  year={2016},
  publisher={Gesellschaft f{\"u}r Informatik eV}
}

@inproceedings{domainontologies,
  title={Use of Domain Ontologies to Improve Requirements Quality},
  author={K{\"u}cherer, Christian},
  booktitle={Joint Proceedings of REFSQ-2017 Workshops, Doctoral Symposium, Research Method Track, and Poster Track co-located with the 23rd International Conference on Requirements Engineering: Foundation for Software Quality (REFSQ 2017)},
  volume={1796},
  year={2017}
}

@Article{sniktec,
   Author="H{\"o}ffner, Konrad and Jahn, Franziska and K{\"u}cherer, Christian and Paech, Barbara and Brigel, Schneider and Sch{\"o}bel, Martin and St{\"a}ubert, Sebastian and Winter, Alfred",
   Title="{{T}echnical {E}nvironment for {D}eveloping the {S}{N}{I}{K} {O}ntology of {I}nformation {M}anagement in {H}ospitals}",
   Journal="Studies in Health Technology and Informatics",
   Year="2017",
   Volume="243",
   Pages="122--126"
}

@inproceedings{semantischesnetz,
 title={Ein {S}emantisches {N}etz des {I}nformationsmanagements im {K}rankenhaus},
 author = {Jahn, Franziska and Schaaf, Michael and Paech, Barbara and Winter, Alfred},
 booktitle = {Informatik 2014},
 series={Lecture Notes in Informatics},
 year = {2014},
 editor = {Pl{\"o}dereder, E. and Grunske, L. and Schneider, E. and Ull, D.} ,
 pages = {1491-1498},
 publisher = {Gesellschaft für Informatik e.V.},
 address = {Bonn}
}

@Article{approachtosupport,
  title={An Approach to Support Collaborative Ontology Construction},
  author={Tahar, Kais and Schaaf, Michael and Jahn, Franziska and K{\"u}cherer, Christian and Paech, Barbara and Herre, Heinrich and Winter, Alfred},
  journal={Studies in health technology and informatics},
  volume={228},
  pages={369--373},
  year={2016}
}

@inproceedings{visualizationoflargeontologies,
  title={Visualization of Large Ontologies in University Education from a Tool Point of View},
  volume = {228},
  journal = {Studies in health technology and informatics},
  doi = {10.3233/978-1-61499-678-1-349},
  author={Schaaf, Michael and Jahn, Franziska and Tahar, Kais and K{\"u}cherer, Christian and Winter, Alfred and Paech, Barbara},
  booktitle={MIE},
  pages={349--353},
  year={2016}
}

@inproceedings{taskoriented,
  title={A Task-oriented Requirements Engineering Method for Personal Decision Support Systems---{A} Case Study},
  author={K{\"u}cherer, Christian and Paech, Barbara},
  booktitle={Proceedings of the 19th International Conference on Enterprise Information Systems --- Volume 2: ICEIS},
  doi = {10.5220/000-6-32530-099-0-110},
  publisher={SciTePress},
  organization={INSTICC},
  isbn={978-989-758-248-6},
  pages={99--110},
  volume={2},
  year={2017}
}

@inproceedings{schattenseiten,
  title={Zwischen {S}chattendasein, Governance und Entrepreneurship -- {E}ine empirische {B}estandsaufnahme zum {P}rofessionalisierungsgrad des {IT}-{M}anagements in deutschen {K}rankenh{\"a}usern},
  author={Liebe, Jan-David and Thomas, Oliver and Jahn, Franziska and K{\"u}cherer, Christian and Esdar, Moritz and Wei{\ss}, Jan-Patrick and H{\"u}sers, Jens and H{\"u}bner, Ursula},
  booktitle = {Towards Thought Leadership in Digital Transformation: 13. Internationale Tagung Wirtschaftsinformatik, {WI} 2017, St.Gallen, Switzerland},
  year={2017},
  editor={Leimeister, Jan Marco and Brenner, Walter},
  organization={Institut für Wirtschaftsinformatik}
}

@inproceedings{ontologybased,
  title={An Ontology-Based Scenario for Teaching the Management of Health Information Systems},
  author={Jahn, Franziska and Schaaf, Michael and Kahmann, Christian and Tahar, Kais and K{\"u}cherer, Christian and Paech, Barbara and Winter, Alfred},
  journal={Studies in health technology and informatics},
  volume={228},
  pages={359--363},
  year={2016}
}

@article{systemanalysis,
  title={System analysis of information management},
  author={Kucherer, Christian and Jung, Manuel and Jahn, Franziska and Schaaf, Michael and Tahar, Kais and Paech, Barbara and Winter, Alfred},
  journal={Informatik 2015},
  editor={Douglas W. Cunningham and Petra Hofstedt and Klaus Meer and Ingo Schmitt},
  volume={246},
  year={2015},
  series={Lecture Notes in Informatics},
  publisher={Gesellschaft f{\"u}r Informatik eV}
}

@phdthesis{toreonto,
  title={Domain-specific Adaptation of Requirements Engineering Methods},
  author={K{\"u}cherer, Christian},
  year={2018}
}

@article{snikgraphposter,
  title={The {SNIK} {G}raph: {V}isualization of a Medical Informatics Ontology},
  author={Franziska Jahn and Konrad H{\"o}ffner and Birgit Schneider and Anna L{\"o}rke and Thomas Pause and Elske Ammenwerth and Alfred Winter},
  journal={MEDINFO 2019: Health and Wellbeing e-Networks for All},
  series={Studies in Health Technology and Informatics},
  volume={264},
  editor={Lucila Ohno-Machado and Brigitte S{\'{e}}roussi},
  doi={10.3233/SHTI190724},
  pages={1941--1942},
  year={2019},
  publisher={IOS Press}
}

@article{snikposter,
  title={Open and Linkable Knowledge About Management of Health Information Systems},
  author={H{\"o}ffner, Konrad and Jahn, Franziska and L{\"o}rke, Anna and Pause, Thomas and Schneider, Birgit and Ammenwerth, Elske and Winter, Alfred},
  journal={MEDINFO 2019: Health and Wellbeing e-Networks for All},
  series={Studies in Health Technology and Informatics},
  volume={264},
  editor={Lucila Ohno-Machado and Brigitte S{\'{e}}roussi},
  doi={10.3233/SHTI190593},
  pages={1678--1679},
  year={2019},
  publisher={IOS Press}
}

@techreport{characteristika,
  author= "Franziska Jahn and Christian Kücherer and Jan-David Liebe and Barbara Paech and Alfred Winter",
  title={{C}harakteristika von {IT}-{A}bteilungen in {K}rankenh{\"a}usern in {D}eutschland. {R}eport zur {U}mfrage unter {IT}-{L}eitern in {K}rankenhäusern ({F}ebruar-{A}pril 2016)},
  year= "2019"
}

@article{snikquiz,
  title={{SNIK Quiz}: {A} Multiple Choice Game About Information Management in Hospitals},
  author={H{\"o}ffner, Konrad and Roszeitis, Arne and W{\"a}chtler, Max Niclas and Jahn, Franziska and Winter, Alfred},
  journal={Studies in Health Technology and Informatics},
  volume={294},
  pages={790--795},
  year={2022}
}

@mastersthesis{arneba,
  title={Automatische {G}enerierung komplexer {F}ragen zum Informationsmanagement auf der Basis der {SNIK}-Ontologie},
  author={Arne Roszeitis},
  type={Bachelor's Thesis},
  school={Institute for Medical Informatics, Statistics {and} Epidemiology (IMISE)},
  address={Leipzig, Germany},
  url={https://www.snik.eu/public/bachelor-ar.pdf},
  year={2022}
}

@mastersthesis{hannesbell,
  title={{Q}uestion {A}nswering auf {SNIK}},
  author={Hannes Raphael Brunsch},
  type={Besondere {L}ernleistung},
  school={Wilhelm-Ostwald-Schule},
  address={Leipzig, Germany},
  url={https://www.snik.eu/public/bell-hrb.pdf},
  year={2022}
}

@mastersthesis{maxbell,
  title={Automatische {E}rstellung von {Q}uizfragen aus einer {O}ntologie von {K}rankenhausinformationssystemen},
  author={Max Niclas Wächtler},
  type={Besondere {L}ernleistung},
  school={Wilhelm-Ostwald-Schule},
  address={Leipzig, Germany},
  url={https://www.snik.eu/public/bell-mnw.pdf},
  year={2022}
}

@mastersthesis{thomasba,
  title={{O}rganisation von {T}eilgraphen semantischer {N}etze zur ontologiegestützten {W}issensvermittlung},
  author={Thomas Pause},
  type={Bachelor's Thesis},
  school={Institute for Medical Informatics, Statistics {and} Epidemiology (IMISE)},
  address={Leipzig, Germany},
  url={https://www.snik.eu/public/bachelor-tp.pdf},
  year={2020}
}

@mastersthesis{benjaminma,
  title={{I}ntegration von {ITIL}-{B}egriffen in die {SNIK}-{O}ntologie},
  author={Benjamin R{\"o}sch},
  school={Institute for Medical Informatics, Statistics {and} Epidemiology (IMISE)},
  address={Leipzig, Germany},
  year={2018}
}

@mastersthesis{anatolima,
  title={{O}ntologie-basierte {N}avigation für {CION}},
  author={Anatoli Zeiser},
  school={Institute for Medical Informatics, Statistics {and} Epidemiology (IMISE)},
  address={Leipzig, Germany},
  url={https://www.snik.eu/public/master-az.pdf},
  year={2016}
}

@mastersthesis{timma,
  title={Architekturkonzept für {SNIK}-{CIO}-{N}avigator},
  author={Tim Bittersohl},
  school={Institute for Medical Informatics, Statistics {and} Epidemiology (IMISE)},
  address={Leipzig, Germany},
  url={https://www.snik.eu/public/master-tb.pdf},
  year={2016}
}

@mastersthesis{benediktba,
  title={Einsatz einer {O}ntologie als {D}atenmodell zur {D}atenaggregation},
  author={Benedikt Tr{\"o}ster},
  type={Bachelor's Thesis},
  school={Institute for Medical Informatics, Statistics {and} Epidemiology (IMISE)},
  address={Leipzig, Germany},
  url={https://www.snik.eu/public/bachelor-bt.pdf},
  year={2016}
}

@mastersthesis{manuelma,
  title={{S}ystemanalyse und -bewertung von {I}nformationsmanagement-{I}nformationssystemen ({IMIS})},
  author={Manuel Jung},
  school={Institute for Medical Informatics, Statistics {and} Epidemiology (IMISE)},
  address={Leipzig, Germany},
  year={2015}
}
