@article{parlament2016verordnung,
title={Verordnung (EU) 2016/679 des Europ{\"a}ischen Parlaments und des Rates vom 27. April 2016 zum Schutz nat{\"u}rlicher Personen bei der Verarbeitung personenbezogener Daten, zum freien Datenverkehr und zur Aufhebung der Richtlinie 95/46/EG (Datenschutz-Grundverordnung)},
author={Parlament, Europ{\"a}isches and Rat, Europ{\"a}ischer},
journal={Amtsblatt der Europ{\"a}ischen Union, OJ L 119, 04.05},
pages={1--88},
year={2016}
}
